
@phdthesis{reekie95,
	title = {Realtime Signal Processing},
	abstract = {Models of parallelism, process networks, dataflow {MoC}
This thesis presents a "visual" block diagram development system aimed at developing signal processing applications. It is based on Haskell and is limited to the dataflow {MoC}. It presents skeletons for parallel computation.},
	school = {School of Electrical Engineering},
	author = {Reekie, Hideki John},
	year = {1995},
	keywords = {parallel, read, skeleton}
}
